@inproceedings{Rustamov07,
  author = {Rustamov, R.M.},
  booktitle = {Proceedings of the fifth Eurographics symposium on Geometry processing},
  pages = {225--233},
  publisher = {Eurographics Association},
  title = {Laplace-Beltrami eigenfunctions for deformation invariant shape representation},
  year = 2007
}

@article{Reuter06,
  author = {Reuter, Martin and Wolter, Franz-Erich and Peinecke, Niklas},
  journal = {Computer-Aided Design},
  number = 4,
  pages = {342-366},
  title = {Laplace-Beltrami spectra as 'Shape-DNA' of surfaces and solids.},
  volume = 38,
  year = 2006
}

@article{Sumner04,
  author = {Sumner, Robert W. and Popovic, Jovan},
  ee = {https://doi.org/10.1145/1186562.1015736},
  journal = {ACM Trans. Graph.},
  number = 3,
  pages = {399-405},
  title = {Deformation transfer for triangle meshes.},
  volume = 23,
  year = 2004
}

@phdthesis{Maks11,
    title    = {Spectral methods for isometric shape matching and symmetry detection},
    school   = {Stanford University},
    author   = {Ovsjanikov, Maksims},
    year     = {2011},
    type     = {{PhD} dissertation},
}

@online{Libigl,
  author = {Jacobson, Alec and Panozzo, Daniele},
  title = {libigl -- A simple C++ geometry processing library},
  year = 2019,
  url = {https://libigl.github.io/},
}

@online{dataset,
  author = {Sumner, Robert and Popovic, Jovan},
  title = {Mesh Data from Deformation Transfer for Triangle Meshes},
  year = 2004,
  url = {http://people.csail.mit.edu/sumner/research/deftransfer/data.html},
}

@article{Princetondataset,
  author = "Xiaobai Chen and Aleksey Golovinskiy and Thomas Funkhouser",
  title = "A Benchmark for {3D} Mesh Segmentation",
  journal = "ACM Transactions on Graphics (Proc. SIGGRAPH)",
  year = "2009",
  month = aug,
  volume = "28",
  number = "3"
}
